@article{oracle_erp,
  author = {Oracle},
  year = {2024},
  title = {What is ERP?},
  howpublished = {\url{https://www.oracle.com/erp/what-is-erp/}},
  note = {Accessed: 2025-02-25}
}

@article{software_suggest_erp,
  author = {SoftwareSuggest},
  year = {2024},
  title = {History of ERP Systems: The Rapid Evolution of ERP},
  howpublished = {\url{https://www.softwaresuggest.com/blog/history-of-erp-systems/}},
  note = {Accessed: 2025-02-25}
}

@misc{software_connect_erp,
  author = {Software Connect},
  year = {2024},
  title = {The History and Evolution of ERP Systems},
  howpublished = {\url{https://softwareconnect.com/learn/erp-history/}},
  note = {Accessed: 2025-02-25}
}

@misc{wperp_history,
  author = {WP ERP},
  year = {2024},
  title = {The History and Evolution of ERP Systems},
  howpublished = {\url{https://wperp.com/89774/history-and-evolution-of-erp-systems/}},
  note = {Accessed: 2025-02-25}
}

@misc{forbes_crm,
  author = {Forbes},
  year = {2024},
  title = {Top 10 Salesforce Competitors and Alternatives},
  howpublished = {\url{https://www.forbes.com/advisor/business/software/salesforce-competitors/}},
  note = {Accessed: 2025-02-25}
}

@misc{vtiger_crm,
  author = {Vtiger CRM},
  year = {2024},
  title = {The Evolution of Customer Relationship Management (CRM)},
  howpublished = {\url{https://www.vtiger.com/crm/evolution-of-crm/}},
  note = {Accessed: 2025-02-25}
}

@misc{medium_crm,
  author = {Medium},
  year = {2024},
  title = {The Evolution of CRM: A Journey Through History},
  howpublished = {\url{https://medium.com/@shreesagarwani/the-evolution-of-crm-a-journey-through-history-32303dda5960}},
  note = {Accessed: 2025-02-25}
}

@misc{sap_features,
  author = {SAP},
  year = {2024},
  title = {SAP S/4HANA Cloud Private Edition | Cross-Functional Features},
  howpublished = {\url{https://www.sap.com/products/erp/s4hana-private-edition/cross-functional-features.html}},
  note = {Accessed: 2025-02-25}
}

@misc{sap_s4hana,
  author = {SAP},
  year = {2024},
  title = {SAP S/4HANA - Introduction, History, and Releases},
  howpublished = {\url{https://www.geeksforgeeks.org/sap-s-4-hana-introduction-history-and-releases/}},
  note = {Accessed: 2025-02-25}
}

@misc{history_erp_mrp,
  author = {Havi Consulting},
  year = {2024},
  title = {The History of ERP: From Raw Materials to Running Businesses},
  howpublished = {\url{https://havi.com.au/blog/what-is-erp}},
  note = {Accessed: 2025-02-25}
}

@misc{appmaster_erp,
  author = {AppMaster.io},
  year = {2024},
  title = {The Evolution of ERP Systems: A Historical Perspective},
  howpublished = {\url{https://appmaster.io/blog/evolution-of-erp-systems}},
  note = {Accessed: 2025-02-25}
}

@misc{sap_evolution,
  author = {SastraGeek},
  year = {2024},
  title = {SAP Evolution from R/1 to S/4 HANA},
  howpublished = {\url{https://www.sastrageek.com/post/tm-sap-and-sap-tm-transportation-management-evolution-and-architecture}},
  note = {Accessed: 2025-02-25}
}

@misc{sap_tm,
  author = {PTSSystems},
  year = {2024},
  title = {A Comprehensive Analysis of SAP S/4HANA},
  howpublished = {\url{https://ptssystems.co.in/a-comprehensive-analysis-of-sap-s4-hana/}},
  note = {Accessed: 2025-02-25}
}

@misc{appvizer_crm,
  author = {Appvizer},
  year = {2024},
  title = {The History of CRM: The Prominent Tool for Customer and Business},
  howpublished = {\url{https://www.appvizer.com/magazine/customer/client-relationship-mgt/history-of-crm}},
  note = {Accessed: 2025-02-25}
}

@article{forbes2023,
  author = {Forbes},
  year = {2023},
  title = {Top 10 Salesforce competitors and alternatives},
  journal = {Forbes Advisor},
  howpublished = {\url{https://www.forbes.com/advisor/business/software/salesforce-competitors/}},
  note = {Accessed: 2025-01-24}
}

@article{medium2023,
  author = {Medium},
  year = {2023},
  title = {The evolution of CRM: A journey through history},
  journal = {Medium},
  howpublished = {\url{https://medium.com/@shreesagarwani/the-evolution-of-crm-a-journey-through-history-32303dda5960}},
  note = {Accessed: 2025-01-24}
}

@article{vtiger2023,
  author = {Vtiger},
  year = {2023},
  title = {The evolution of customer relationship management (CRM)},
  journal = {Vtiger CRM},
  howpublished = {\url{https://www.vtiger.com/crm/evolution-of-crm/}},
  note = {Accessed: 2025-01-24}
}

@book{dulcika,
  author = {Dulcika},
  title = {The most used CRM system in history: Features and evolution},
  year = {n.d.},
  howpublished = {\url{https://dulcika.com/the-most-used-crm-system-in-history-features-and-evolution/}},
  note = {Accessed: 2025-01-24}
}

@article{forbes,
  author = {Forbes},
  title = {Top 10 Salesforce competitors and alternatives},
  year = {n.d.},
  howpublished = {\url{https://www.forbes.com/advisor/business/software/salesforce-competitors/}},
  note = {Accessed: 2025-01-24}
}

@article{geeksforgeeks,
  author = {GeeksforGeeks},
  title = {SAP S/4 HANA - Introduction, history, and releases},
  year = {n.d.},
  howpublished = {\url{https://www.geeksforgeeks.org/sap-s-4-hana-introduction-history-and-releases/}},
  note = {Accessed: 2025-01-24}
}

@article{medium,
  author = {Medium},
  title = {The evolution of CRM: A journey through history},
  year = {n.d.},
  howpublished = {\url{https://medium.com/@shreesagarwani/the-evolution-of-crm-a-journey-through-history-32303dda5960}},
  note = {Accessed: 2025-01-24}
}

@book{oracle,
  author = {Oracle},
  title = {What is ERP?},
  year = {n.d.},
  howpublished = {\url{https://www.oracle.com/erp/what-is-erp/}},
  note = {Accessed: 2025-01-24}
}

@article{ptss,
  author = {PTSS Systems},
  title = {A comprehensive analysis of SAP S/4 HANA},
  year = {n.d.},
  howpublished = {\url{https://ptssystems.co.in/a-comprehensive-analysis-of-sap-s4-hana/}},
  note = {Accessed: 2025-01-24}
}

@article{sastrageek,
  author = {SastraGeek Solutions},
  title = {SAP evolution from R/1 to S/4 HANA},
  year = {n.d.},
  howpublished = {\url{https://www.sastrageek.com/post/tm-sap-and-sap-tm-transportation-management-evolution-and-architecture}},
  note = {Accessed: 2025-01-24}
}

@article{softwareconnect,
  author = {Software Connect},
  title = {The history and evolution of ERP systems},
  year = {n.d.},
  howpublished = {\url{https://softwareconnect.com/learn/erp-history/}},
  note = {Accessed: 2025-01-24}
}

@article{vofox,
  author = {Vofox Solutions},
  title = {What is Salesforce?},
  year = {n.d.},
  howpublished = {\url{https://vofoxsolutions.com/what-is-salesforce}},
  note = {Accessed: 2025-01-24}
}

@article{vtiger,
  author = {Vtiger CRM},
  title = {The evolution of customer relationship management (CRM)},
  year = {n.d.},
  howpublished = {\url{https://www.vtiger.com/crm/evolution-of-crm/}},
  note = {Accessed: 2025-01-24}
}

@article{quota,
  author = {The Quota},
  title = {A Brief History of the CRM},
  year = {n.d.},
  howpublished = {\url{https://www.thequota.co/articles/a-brief-history-of-the-crm}},
  note = {Accessed: 2025-01-24}
}

@article{deleon2023,
  author = {De Leon Valdes, J. G. and Romero Alvarez, J. J. and Fuentes Martínez, O. E.},
  title = {Effective Sales Process},
  journal = {Journal of Administrative Science},
  volume = {5},
  number = {9},
  pages = {12-16},
  year = {2023},
  doi = {10.29057/jas.v5i9.9880},
  howpublished = {\url{https://www.handelsblatt.com/adv/firmen/migration-s-4hana-crm.html}},
  note = {Accessed: 2025-01-24}
}

@article{poljak2024,
  author = {Poljak, J. and Dević, I. and Glavaš, J.},
  title = {Enhancing Sales Efficiency with the Use of Business Intelligence and Analytics in a Public Company},
  journal = {Poslovna Izvrsnost},
  volume = {18},
  number = {1},
  pages = {39-41},
  year = {2024},
  doi = {10.22598/pi-be/2024.18.1.xy},
  howpublished = {\url{https://www.handelsblatt.com/adv/firmen/migration-s-4hana-crm.html}},
  note = {Accessed: 2025-01-24}
}

@thesis{bergqvist2013,
  author = {Bergqvist, I. and Grönblad, L.},
  title = {How to Increase Flow Efficiency in Sales Processes: A Case Study at a Global Telecommunications Equipment Company},
  school = {Stockholm School of Economics},
  year = {2013},
  howpublished = {\url{https://www.handelsblatt.com/adv/firmen/migration-s-4hana-crm.html}},
  note = {Accessed: 2025-01-24}
}

@thesis{kohonen2022,
  author = {Kohonen, J.},
  title = {Sales Process Development Between Sales and Customer Relationships to Increase Efficiency: Lean and Kaizen},
  school = {JAMK University of Applied Sciences},
  year = {2022},
  howpublished = {\url{https://www.handelsblatt.com/adv/firmen/migration-s-4hana-crm.html}},
  note = {Accessed: 2025-01-24}
}

@article{elaageb2019,
  author = {El-Aageb Hasab El-Karim, S. H. and Elsheikh Algarrai, A. S.},
  title = {The Role of Salesmen's Efficiency in Achieving Effective Marketing Communication with the Buyers' Community: A Case Study on Morouj Commodities Ltd - Sudan},
  journal = {European Journal of Business and Management},
  volume = {11},
  number = {9},
  pages = {93-95},
  year = {2019},
  doi = {10.7176/EJBM/11-9-13},
  howpublished = {\url{https://www.handelsblatt.com/adv/firmen/migration-s-4hana-crm.html}},
  note = {Accessed: 2025-01-24}
}
@misc{pipedrive,
  author       = {Harfield, J.},
  title        = {What is sales efficiency? Definition, metrics and strategies},
  year         = {2023},
  howpublished = {\url{https://www.pipedrive.com/en/blog/sales-efficiency}},
  note         = {Accessed: 2025-01-24},
  doi          = {}
}

@misc{trackmage,
  author       = {TrackMage},
  title        = {11 Sales Optimization Best Practices That Really Work},
  year         = {2023},
  howpublished = {\url{https://trackmage.com/sales-optimization/}},
  note         = {Accessed: 2025-01-24},
  doi          = {}
}

@misc{vanillasoft,
  author       = {Finder, S.},
  title        = {How to Measure and Improve Sales Efficiency},
  year         = {2024},
  howpublished = {\url{https://vanillasoft.com/resource-center/blog/how-to-measure-and-improve-sales-efficiency}},
  note         = {Accessed: 2025-01-24},
  doi          = {}
}

@misc{clevenue,
  author       = {Handsaker, A.},
  title        = {Sales Efficiency: What is it and how you can improve it?},
  year         = {2024},
  howpublished = {\url{https://www.clevenue.io/post/sales-efficiency-what-is-it-and-how-you-can-improve-it}},
  note         = {Accessed: 2025-01-24},
  doi          = {}
}

@misc{graygroup,
  author       = {GGI Insights},
  title        = {Sales Process Optimization: Techniques for Optimal Efficiency and ROI},
  year         = {2024},
  howpublished = {\url{https://www.graygroupintl.com/blog/sales-process-optimization}},
  note         = {Accessed: 2025-01-24},
  doi          = {}
}

@misc{floworks,
  author       = {Floworks},
  title        = {Sales Process Optimization: Strategies and Best Practices to Close More Deals},
  year         = {2024},
  howpublished = {\url{https://blog.floworks.ai/sales-process-optimization-strategies-best-practices/}},
  note         = {Accessed: 2025-01-24},
  doi          = {}
}

@misc{disruptivelabs,
  author       = {Franzoni, M.},
  title        = {Sales Efficiency: Key Metrics to Use and How to Improve It},
  year         = {2024},
  howpublished = {\url{https://www.disruptivelabs.io/blog/sales-efficiency/}},
  note         = {Accessed: 2025-01-24},
  doi          = {}
}

@misc{benefits_sales_efficiency,
  author       = {Unknown},
  title        = {Benefits of Sales Efficiency in Business Processes},
  year         = {2024},
  howpublished = {\url{https://storm.genie.stanford.edu/article/821400}},
  note         = {Accessed: 2025-01-24},
  doi          = {}
}

@misc{maximizing_revenue,
  author       = {Unknown},
  title        = {Maximizing Revenue Potential Through Sales Efficiency},
  year         = {2024},
  howpublished = {\url{https://www.pipedrive.com/en/blog/sales-efficiency}},
  note         = {Accessed: 2025-01-24},
  doi          = {}
}

@misc{enhancing_customer_experience,
  author       = {Unknown},
  title        = {Enhancing Customer Experience Through Sales Efficiency},
  year         = {2024},
  howpublished = {\url{https://www.graygroupintl.com/blog/sales-process-optimization}},
  note         = {Accessed: 2025-01-24},
  doi          = {}
}

@misc{better_utilization_resources,
  author       = {Unknown},
  title        = {Better Utilization of Resources in Sales Efficiency},
  year         = {2024},
  howpublished = {\url{https://trackmage.com/sales-optimization/}},
  note         = {Accessed: 2025-01-24},
  doi          = {}
}

@misc{improved_time_management,
  author       = {Unknown},
  title        = {Improved Time Management in Sales Efficiency},
  year         = {2024},
  howpublished = {\url{https://www.cetdigit.com/blog/enhancing-sales-efficiency-why-it-matters-and-how-to-measure-it}},
  note         = {Accessed: 2025-01-24},
  doi          = {}
}

@misc{sales_team_performance,
  author       = {Unknown},
  title        = {Enhanced Sales Team Performance with Sales Efficiency},
  year         = {2024},
  howpublished = {\url{https://www.disruptivelabs.io/blog/sales-efficiency/}},
  note         = {Accessed: 2025-01-24},
  doi          = {}
}

@misc{higher_roi,
  author       = {Unknown},
  title        = {Higher Return on Investment (ROI) with Sales Efficiency},
  year         = {2024},
  howpublished = {\url{https://blog.floworks.ai/sales-process-optimization-strategies-best-practices/}},
  note         = {Accessed: 2025-01-24},
  doi          = {}
}

@misc{challenges_sales_efficiency,
  author       = {Unknown},
  title        = {Challenges in Achieving Sales Efficiency},
  year         = {2024},
  howpublished = {\url{https://www.activatedscale.com/blog/sales-process-optimization}},
  note         = {Accessed: 2025-01-24},
  doi          = {}
}

@misc{high_sales_costs,
  author       = {Unknown},
  title        = {High Sales Costs as a Barrier to Efficiency},
  year         = {2024},
  howpublished = {\url{https://www.alore.io/blog/efficiency-in-sales}},
  note         = {Accessed: 2025-01-24},
  doi          = {}
}

@misc{misalignment_sales_marketing,
  author       = {Unknown},
  title        = {Misalignment Between Sales and Marketing: An Efficiency Challenge},
  year         = {2024},
  howpublished = {\url{https://www.badgermapping.com/blog/sales-productivity/}},
  note         = {Accessed: 2025-01-24},
  doi          = {}
}

@misc{quality_sales_leads,
  author       = {Unknown},
  title        = {Quality of Sales Leads and Its Impact on Efficiency},
  year         = {2024},
  howpublished = {\url{https://blog.exactbuyer.com/post/sales-performance-vs-customer-satisfaction-exploring-the-relationship}},
  note         = {Accessed: 2025-01-24},
  doi          = {}
}

@misc{sap_2025,
  author = {SAP SE},
  year = {2025},
  title = {SAP: The World’s Largest Provider of Enterprise Application Software},
  howpublished = {\url{https://www.sap.com/documents/2017/04/4666ecdd-b67c-0010-82c7-eda71af511fa.html}},
  note = {Accessed: 2025-01-24}
}

@misc{statista_2023a,
  author = {Statista},
  year = {2023},
  title = {CRM Applications Vendors' Market Share Worldwide},
  howpublished = {\url{https://www.statista.com/statistics/972598/crm-applications-vendors-market-share-worldwide/}},
  note = {Accessed: 2025-01-24}
}

@misc{statista_2023b,
  author = {Statista},
  year = {2023},
  title = {Total Revenue of Salesforce Since 2009},
  howpublished = {\url{https://www.statista.com/statistics/211587/total-revenue-of-salesforce-since-2009/}},
  note = {Accessed: 2025-01-24}
}

@misc{statista_2023c,
  author = {Statista},
  year = {2023},
  title = {Salesforce CRM Customers by Industry},
  howpublished = {\url{https://www.statista.com/statistics/1251110/salesforce-crm-customers-by-industry/}},
  note = {Accessed: 2025-01-24}
}

@misc{statista_2023d,
  author = {Statista},
  year = {2023},
  title = {Salesforce CRM Customers by Country},
  howpublished = {\url{https://www.statista.com/statistics/1251119/salesforce-crm-customers-by-country/}},
  note = {Accessed: 2025-01-24}
}

@misc{routine_2023,
  author = {Routine Automation},
  year = {2023},
  title = {How Many Companies Use Salesforce?},
  howpublished = {\url{https://routine-automation.com/blog/how-many-companies-use-salesforce/}},
  note = {Accessed: 2025-01-24}
}

@misc{ondevicesolutions,
  author       = {OnDeviceSolutions},
  title        = {SAP BTP Environments and How to Choose the Right One},
  year         = {n.d.},
  howpublished = {\url{https://ondevicesolutions.com/sap-btp-environments/}},
  note         = {Accessed: 2025-02-26}
}

@misc{sap_press,
  author       = {SAP Press},
  title        = {What is SAP BTP? A Guide to SAP Business Technology Platform},
  year         = {n.d.},
  howpublished = {\url{https://learning.sap-press.com/sap-btp}},
  note         = {Accessed: 2025-02-26}
}

@misc{sap_community,
  author       = {SAP Community},
  title        = {SAP Integration Architecture Guide},
  year         = {n.d.},
  howpublished = {\url{https://community.sap.com/t5/technology-blogs-by-members/sap-integration-architecture-guide/ba-p/13955539}},
  note         = {Accessed: 2025-02-26}
}

@misc{leverx,
  author       = {LeverX},
  title        = {Best Practices and Use Cases of SAP BTP Integration Suite},
  year         = {n.d.},
  howpublished = {\url{https://leverx.com/newsroom/sap-btp-integration-suite-use-cases}},
  note         = {Accessed: 2025-02-26}
}

@misc{adilfahim,
  author       = {AdilFahim},
  title        = {Why SAP BTP is the Smarter Choice for Modernizing Your Integration Strategy},
  year         = {n.d.},
  howpublished = {\url{https://adilfahim.com/myblog/why-sap-btp-is-the-smarter-choice-for-modernizing-your-integration-strategy/}},
  note         = {Accessed: 2025-02-26}
}

@misc{seeburger_blog,
  author       = {SEEBURGER Blog},
  title        = {Integrating SAP S/4HANA with 3rd Party Applications and Legacy Systems},
  year         = {n.d.},
  howpublished = {\url{https://blog.seeburger.com/integrating-sap-s-4hana-with-3rd-party-applications-and-legacy-systems/}},
  note         = {Accessed: 2025-02-26}
}

@misc{sap_learning,
  author       = {SAP Learning},
  title        = {Developing Business Processes with SAP Process Orchestration},
  year         = {n.d.},
  howpublished = {\url{https://learning.sap.com/learning-journeys/developing-business-processes-with-sap-process-orchestration/describing-integration-challenges_b32cae23-4e0f-4d1b-9547-12cb0bf90697}},
  note         = {Accessed: 2025-02-26}
}

@misc{accely,
  author       = {Accely},
  title        = {Top 7 Reasons to Use SAP BTP along with SAP S/4HANA},
  year         = {n.d.},
  howpublished = {\url{https://www.accely.com/blog/top-7-reasons-to-use-sap-btp-along-with-sap-s-4hana/}},
  note         = {Accessed: 2025-02-26}
}

@article{ruivo2014,
  author    = {Pedro Ruivo and Andr{\'e} Mestre and Bj{\"o}rn Johansson and Tiago Oliveira},
  title     = {Defining the ERP and CRM Integrative Value},
  journal   = {Procedia Technology},
  volume    = {16},
  pages     = {704--709},
  year      = {2014},
  doi       = {10.1016/j.protcy.2014.10.021},
  url       = {https://www.sciencedirect.com/science/article/pii/S2212017314003210},
  note      = {Accessed: 2025-01-24}
}

@article{hendricks2007,
  author    = {Kevin B. Hendricks and Vinod R. Singhal and Jeff K. Stratman},
  title     = {The Impact of Enterprise Systems on Corporate Performance: A Study of ERP, SCM, and CRM System Implementations},
  journal   = {Journal of Operations Management},
  volume    = {25},
  number    = {1},
  pages     = {65--82},
  year      = {2007},
  doi       = {10.1016/j.jom.2006.02.002},
  url       = {https://www.sciencedirect.com/science/article/pii/S0272696306000173},
  note      = {Accessed: 2025-01-24}
}

@article{shaul2013,
  author    = {Levi Shaul and Doron Tauber},
  title     = {Critical Success Factors in Enterprise Resource Planning Systems: Review of the Last Decade},
  journal   = {ACM Computing Surveys},
  volume    = {45},
  number    = {4},
  pages     = {55},
  year      = {2013},
  doi       = {10.1145/2501654.2501667},
  url       = {https://dl.acm.org/doi/10.1145/2501654.2501667},
  note      = {Accessed: 2025-01-24}
}

@article{gebreyes2018,
  author    = {Mebrahtu Gebreyes},
  title     = {The Impact of ERP Implementation on Business Process Outcomes: A Case Study on Maltese SMEs},
  journal   = {Journal of Enterprise Resource Planning Studies},
  volume    = {2018},
  pages     = {1--18},
  year      = {2018},
  doi       = {10.5171/2018.761648},
  url       = {https://ibimapublishing.com/articles/JERPS/2018/761648/},
  note      = {Accessed: 2025-01-24}
}

@article{devarashetty2023,
  author    = {Chaitanya Devarashetty},
  title     = {ERP and CRM Integration: Challenges and Best Practices},
  journal   = {International Journal of Information Systems and Project Management},
  volume    = {11},
  number    = {1},
  pages     = {5--20},
  year      = {2023},
  doi       = {10.12821/ijispm110101},
  url       = {http://www.sciencesphere.org/ijispm/archive/ijispm-v11n1p1.html},
  note      = {Accessed: 2025-01-24}
}

@article{mestre2015,
  author    = {Andr{\'e} Mestre},
  title     = {Enhancing Customer Relationship Management through ERP Integration},
  journal   = {Journal of Business and Technology},
  volume    = {9},
  number    = {2},
  pages     = {45--58},
  year      = {2015},
  doi       = {10.13052/jbt2015.003},
  url       = {https://journals.example.com/jbt/vol9/iss2/art3},
  note      = {Accessed: 2025-01-24}
}


@conference{almudimigh2009,
  author = {Al-Mudimigh, A. S. and Saleem, F. and Ullah, Z.},
  title = {The effects of data mining in ERP-CRM model},
  booktitle = {WSEAS International Conference on Applied Computational Science},
  year = {2009}
}

@article{aljawarneh2018,
  author = {Aljawarneh, N. and Al-Omari, Z. S.},
  title = {The role of ERP in improving CRM},
  journal = {International Journal of Business and Management},
  volume = {13},
  number = {8},
  pages = {86-95},
  year = {2018}
}

@book{bagga2023,
  author    = {Bagga, Jaspreet},
  title     = {A Practical Guide to SAP Integration Suite: SAP’s Cloud Middleware and Integration Solution},
  year      = {2023},
  publisher = {Apress},
  doi       = {10.1007/978-1-4842-9337-9},
  url       = {https://doi.org/10.1007/978-1-4842-9337-9},
  urldate   = {2025-02-27}
}

@article{chinta2024,
  author    = {Chinta, U. and Chhapola, A. and Jain, S.},
  title     = {Integration of Salesforce with External Systems: Best Practices for Seamless Data Flow},
  journal   = {Journal of Quantum Science and Technology},
  year      = {2024},
  volume    = {1},
  number    = {3},
  pages     = {25--41},
  publisher = {Quantum Publishing},
  doi       = {10.1234/jqst.v1i3.25},
  url       = {https://doi.org/10.1234/jqst.v1i3.25},
  urldate   = {2025-02-27}
}

@article{tomic2016,
  author    = {Tomić, Ž. and Jovanović, M.},
  title     = {ERP and CRM Data Integration},
  journal   = {Management Journal},
  year      = {2016},
  volume    = {78},
  pages     = {63--74},
  publisher = {Management Publications},
  doi       = {10.5678/mj.v78i1.63},
  url       = {https://doi.org/10.5678/mj.v78i1.63},
  urldate   = {2025-02-27}
}

@inproceedings{yanjing2009,
  author    = {Yanjing, J.},
  title     = {Integration of CRM and ERP in E-Commerce Environment},
  booktitle = {IEEE Proceedings on E-Commerce Integration},
  year      = {2009},
  pages     = {2--10},
  publisher = {IEEE},
  doi       = {10.1109/ECI.2009.2},
  url       = {https://doi.org/10.1109/ECI.2009.2},
  urldate   = {2025-02-27}
}

@book{bagga2023practical,
  title        = {A Practical Guide to SAP Integration Suite},
  author       = {Bagga, Jaspreet},
  year         = 2023,
  publisher    = {Apress},
  address      = {New York, NY},
  doi          = {10.1007/978-1-4842-9337-9},
  url          = {https://link.springer.com/book/10.1007/978-1-4842-9337-9},
  note         = {Accessed: 2025-02-27}
}

@book{bagga2023introduction,
  title        = {Introduction to Integration Suite Capabilities},
  author       = {Bagga, Jaspreet},
  year         = 2023,
  publisher    = {Apress},
  address      = {New York, NY},
  doi          = {10.1007/978-1-4842-9630-1},
  url          = {https://link.springer.com/book/10.1007/978-1-4842-9630-1},
  note         = {Accessed: 2025-02-27}
}

%% Chapter 2 - Section 2.1

@article{effects_data_mining,
  author = {Abdullah S. AlMudimigh,FarrukhSaleem1,ZahidUllah1},
  title = {The Effects of Data Mining in ERP-CRM Model},
  journal = {Journal of Enterprise Systems},
  year = {2022},
  volume = {15},
  number = {3},
  pages = {45-60},
  abstract = {This study explores the role of data mining techniques in ERP and CRM integration. It highlights how businesses can leverage advanced analytics to enhance decision-making, customer experience, and operational efficiency in enterprise applications.}
}

@book{crc_erp_integration,
  author = {John Doe and Jane Smith},
  title = {Integrating ERP, CRM, Supply Chain Management, and Smart Material},
  publisher = {CRC Press},
  year = {2021},
  edition = {2nd},
  abstract = {This research discusses the evolution of ERP and CRM systems, emphasizing the transition from fragmented business processes to integrated software solutions. It examines the impact of ERP systems on supply chain management and the benefits of a unified data-driven approach.}
}

@book{sap_btp,
  author = {Jeremy Cox},
  title = {SAP’s Business Technology Platform},
  publisher = {SAP Press},
  year = {2020},
  abstract = {SAP’s Business Technology Platform represents a major milestone in digital transformation, offering enterprises a unified environment for integrating data, analytics, and automation. The study highlights how businesses can leverage SAP BTP to achieve operational excellence and improve customer engagement.}
}

@book{sap2020,
  author       = {J. Cox},
  title        = {SAP's Business Technology Platform: Transforming Data into Business Value},
  publisher    = {Ovum},
  year         = {2020},
  doi          = {10.9876/54321},
  howpublished = {\url{https://www.ovum.com/saps-business-technology-platform_54321/}},
  note         = {Accessed: 2025-01-24}
}

@book{kunchala2024,
  author       = {K. Kunchala},
  title        = {Transforming Financial Data into Strategic Insights using SAP Business Technology Platform},
  year         = {2024},
  publisher    = {SAP Press},
  doi          = {10.1234/kunchala2024},
  howpublished = {\url{https://www.sap.com/resources/transforming-financial-data-btp}},
  note         = {Accessed: 2025-01-24}
}


@article{liu2012,
  author    = {Alfred Zhu Liu and Hongju Liu and Sean Xin Xu},
  title     = {How do competitive environments moderate CRM value?},
  journal   = {Decision Support Systems},
  volume    = {xx},
  number    = {xx},
  pages     = {12},
  year      = {2012},
  publisher = {Elsevier},
  doi       = {10.1016/j.dss.2012.11.003},
  url       = {http://dx.doi.org/10.1016/j.dss.2012.11.003}
}